@Book{Ste92,
    author = {Richard W. Stevens},
    title = {UNIX Programowanie usług sieciowych Tom 2 Komunikacja międzyprocesowa},
    publisher = {Wydawnictwa Naukowo-Techniczne},
    year = {2001},
    address = {Warszawa},

    langid = {polish}
}

@Book{Saw02,
    author = {Marek Sawerwein},
    title = {CORBA. Programowanie w praktyce},
    publisher = {Mikom},
    year = {2002},

    langid = {polish}
}

@Book{Silber06,
    author = {Abraham Silberschatz Peter B. Galvin Greg Gagne},
    title = {Podstawy systemów operacyjnych},
    publisher = {Wydawnictwo Naukowe - Techniczne},
    year = {2006},

    langid = {polish}
}

@artiticle{ZX2011,
    author = {Zhang Xiurong},
    title = {The Analysis and Comparison of Inter-Process Communication Performance Between Computer Nodes},
    year = {2011},
    note = {\\\url{http://cscanada.net/index.php/mse/article/viewFile/j.mse.1913035X20110503.052/1925}}
}

@manual{CORBA,
    organization = {Object Management Group (OMG)},
    year = {2012},
    title = {Common Object Request Broker Architecture},
    note = {\\\url{http://www.omg.org/spec/CORBA/3.3}},

    langid = {english}
}

@manual{omniORB,
    title = {WhoIsUsingOmniorb},
    note = {\\\url{http://www.omniorb.net/omniwiki/WhoIsUsingOmniorb}},

    langid = {english}
}

@manual{RFC7231,
    organization = {Internet Engineering Task Force},
    year = {2014},
    title = {Hypertext Transfer Protocol (HTTP/1.1): Semantics and Content},
    note = {\\\url{https://tools.ietf.org/html/rfc7231}},

    langid = {english}
}

@manual{JNI17,
    organization = {Oracle},
    year = {2017},
    title = {Java Native Interface Specification},
    note = {\\\url{https://docs.oracle.com/javase/9/docs/specs/jni/index.html}},

    langid = {english}
}

@manual{akka,
    year = {2017},
    title = {Akka documentation},
    note = {\\\url{https://doc.akka.io/docs/akka/2.5.6/}},

    langid = {english}
}

@manual{rpc,
    year = {1988},
    title = {RPC: Remote Procedure Call Protocol Specification Version 2},
    note = {\\\url{https://tools.ietf.org/html/rfc1057}},

    langid = {english}
}

@manual{inotify_man,
    title = {inotify: Linux Programmer's Manual},
    note = {\\\url{http://man7.org/linux/man-pages/man7/inotify.7.html}},

    langid = {english}
}

@manual{SOAP,
    title = {SOAP Version 1.2 Part 1: Messaging Framework (Second Edition)},
    organization = {World Wide Web Consortium (W3C)},
    year = {2007},
    note = {\\\url{https://www.w3.org/TR/2007/REC-soap12-part1-20070427/}},

    langid = {english}
}

@manual{JAVA_RMI,
    organization = {Oracle},
    year = {2017},
    title = {Java Remote Method Invocation Specification},
    note = {\\\url{https://docs.oracle.com/javase/9/docs/specs/rmi}},

    langid = {english}
}

@manual{UDP_RFC,
    organization = {Internet Engineering Task Force},
    year = {1980},
    title = {User Datagram Protocol},
    note = {\\\url{https://tools.ietf.org/html/rfc768}},

    langid = {english}
}

@manual{TCP_RFC,
    organization = {Internet Engineering Task Force},
    year = {1974},
    title = {Specification of Internet Transmission Control Program},
    note = {\\\url{https://tools.ietf.org/html/rfc675}},

    langid = {english}
}

@manual{TCPIP_guide,
    organization = {The TCP/IP Guide},
    title = {TCP Connection Establishment Process: The "Three-Way Handshake},
    note = {\\\url{http://www.tcpipguide.com/free/t_TCPConnectionEstablishmentProcessTheThreeWayHandsh-3.htm}},

    langid = {english}
}

@manual{WIN_COMP,
    organization = {Microsoft},
    title = {Functional Comparison of UNIX and Windows},
    note = {\\\url{https://technet.microsoft.com/en-us/library/bb496993.aspx}},

    langid = {english}
}

@manual{SIGNALS,
    author = {daper},
    title = {All about Linux signals},
    note = {\\\url{http://www.linuxprogrammingblog.com/all-about-linux-signals}},

    langid = {english}
}

@manual{PIPE_WIN,
    organization = {Microsoft},
    title = {Anonymous Pipes},
    note = {\\\url{https://msdn.microsoft.com/pl-pl/library/windows/desktop/aa365141(v=vs.85).aspx}},

    langid = {english}
}

@manual{NAMED_PIPE_WIN,
    organization = {Microsoft},
    title = {Named Pipes},
    note = {\\\url{https://msdn.microsoft.com/en-us/library/windows/desktop/aa365590(v=vs.85).aspx}},

    langid = {english}
}

@manual{sock_prgr,
    author = {Rajinder Yadav},
    title = {Client / Server Programming with TCP/IP Sockets},
    note = {\\\url{https://pdfs.semanticscholar.org/0858/d27611d7a90c221beb5106e63721aeaed810.pdf}},

    langid = {english}
}

@manual{unix_sock,
    author = {Robert Watson},
    title = {unix domain sockets vs. internet sockets},
    note = {\\\url{https://lists.freebsd.org/pipermail/freebsd-performance/2005-February/001143.html}},

    langid = {english}
}
